

@article{jaratransiting,
  title={Transiting Exoplanet Discovery Using Machine Learning Techniques: A Survey},
  author={Jara-Maldonado, Miguel and Alarcon-Aquino, Vicente and Rosas-Romero, Roberto and Starostenko, Oleg and Ramirez-Cortes, Juan Manuel},
  publisher={Springer},
  year={2020}
}

@article{akeson2013nasa,
  title={The NASA exoplanet archive: data and tools for exoplanet research},
  author={Akeson, RL and Chen, X and Ciardi, D and Crane, M and Good, J and Harbut, M and Jackson, E and Kane, SR and Laity, AC and Leifer, S and others},
  journal={Publications of the Astronomical Society of the Pacific},
  volume={125},
  number={930},
  pages={989},
  year={2013},
  publisher={IOP Publishing}
}

@article{hedges2019four,
  title={Four Small Planets Buried in K2 Systems: What Can We Learn for TESS?},
  author={Hedges, Christina and Saunders, Nicholas and Barentsen, Geert and Coughlin, Jeffrey L and de Miranda Cardoso, Jos{\`e} Vin{\'\i}cius and Kostov, Veselin B and Dotson, Jessie and Cody, Ann Marie},
  journal={The Astrophysical Journal Letters},
  volume={880},
  number={1},
  pages={L5},
  year={2019},
  publisher={IOP Publishing}
}

@article{devries2018learning,
  title={Learning confidence for out-of-distribution detection in neural networks},
  author={DeVries, Terrance and Taylor, Graham W},
  journal={arXiv preprint arXiv:1802.04865},
  year={2018}
}

@article{kovacs2002box,
  title={{A box-fitting algorithm in the search for periodic transits}},
  author={Kov{\'a}cs, Geza and Zucker, Shay and Mazeh, Tsevi},
  journal={Astronomy \& Astrophysics},
  volume={391},
  number={1},
  pages={369--377},
  year={2002},
  publisher={EDP Sciences}
}

@article{hippke2019optimized,
  title={{Optimized transit detection algorithm to search for periodic transits of small planets}},
  author={Hippke, Michael and Heller, Ren{\'e}},
  journal={Astronomy \& Astrophysics},
  volume={623},
  pages={A39},
  year={2019},
  publisher={EDP Sciences}
}


@inproceedings{jenkins2016tess,
  title={{The TESS science processing operations center}},
  author={Jenkins, Jon M and Twicken, Joseph D and McCauliff, Sean and Campbell, Jennifer and Sanderfer, Dwight and Lung, David and Mansouri-Samani, Masoud and Girouard, Forrest and Tenenbaum, Peter and Klaus, Todd and others},
  booktitle={Software and Cyberinfrastructure for Astronomy IV},
  volume={9913},
  pages={99133E},
  year={2016},
  organization={International Society for Optics and Photonics}
}

@article{jenkins2017kepler,
  title={{Kepler Data Processing Handbook: Transiting Planet Search}},
  author={Jenkins, Jon M and Tenenbaum, Peter and Seader, Shawn and Burke, Christopher J and McCauliff, Sean D and Smith, Jeffrey C and Twicken, Joseph D and Chandrasekaran, Hema},
  journal={ksci},
  pages={9},
  year={2017}
}

@article{foreman2015systematic,
  title={{A systematic search for transiting planets in the K2 data}},
  author={Foreman-Mackey, Daniel and Montet, Benjamin T and Hogg, David W and Morton, Timothy D and Wang, Dun and Sch{\"o}lkopf, Bernhard},
  journal={The Astrophysical Journal},
  volume={806},
  number={2},
  pages={215},
  year={2015},
  publisher={IOP Publishing}
}

@article{kovacs2016periodic,
  title={{Periodic transit and variability search with simultaneous systematics filtering: Is it worth it?}},
  author={Kov{\'a}cs, G{\'e}za and Hartman, Joel D and Bakos, G{\'a}sp{\'a}r {\'A}},
  journal={Astronomy \& Astrophysics},
  volume={585},
  pages={A57},
  year={2016},
  publisher={EDP Sciences}
}

@article{wheeler2019weird,
  title={The weird detector: flagging periodic, coherent signals of arbitrary shape in time-series photometry},
  author={Wheeler, Adam and Kipping, David},
  journal={Monthly Notices of the Royal Astronomical Society},
  volume={485},
  number={4},
  pages={5498--5510},
  year={2019},
  publisher={Oxford University Press}
}

@article{chakraborty2020hundreds,
  title={Hundreds of new periodic signals detected in the first year of TESS with the weirddetector},
  author={Chakraborty, Joheen and Wheeler, Adam and Kipping, David},
  journal={Monthly Notices of the Royal Astronomical Society},
  volume={499},
  number={3},
  pages={4011--4023},
  year={2020},
  publisher={Oxford University Press}
}

@article{sanchis2014study,
  title={A study of the shortest-period planets found with Kepler},
  author={Sanchis-Ojeda, Roberto and Rappaport, Saul and Winn, Joshua N and Kotson, Michael C and Levine, Alan and El Mellah, Ileyk},
  journal={The Astrophysical Journal},
  volume={787},
  number={1},
  pages={47},
  year={2014},
  publisher={IOP Publishing}
}

@article{plavchan2008near,
  title={Near-infrared variability in the 2MASS calibration fields: A search for planetary transit candidates},
  author={Plavchan, Peter and Jura, M and Kirkpatrick, J Davy and Cutri, Roc M and Gallagher, SC},
  journal={The Astrophysical Journal Supplement Series},
  volume={175},
  number={1},
  pages={191},
  year={2008},
  publisher={IOP Publishing}
}

@article{carter2013quasiperiodic,
  title={The quasiperiodic automated transit search algorithm},
  author={Carter, Joshua A and Agol, Eric},
  journal={The Astrophysical Journal},
  volume={765},
  number={2},
  pages={132},
  year={2013},
  publisher={IOP Publishing}
}


@article{fischer2012planet,
  title={Planet Hunters: the first two planet candidates identified by the public using the Kepler public archive data},
  author={Fischer, Debra A and Schwamb, Megan E and Schawinski, Kevin and Lintott, Chris and Brewer, John and Giguere, Matt and Lynn, Stuart and Parrish, Michael and Sartori, Thibault and Simpson, Robert and others},
  journal={Monthly Notices of the Royal Astronomical Society},
  volume={419},
  number={4},
  pages={2900--2911},
  year={2012},
  publisher={Oxford University Press}
}

@article{pearson2018searching,
  title={Searching for exoplanets using artificial intelligence},
  author={Pearson, Kyle A and Palafox, Leon and Griffith, Caitlin A},
  journal={Monthly Notices of the Royal Astronomical Society},
  volume={474},
  number={1},
  pages={478--491},
  year={2018},
  publisher={Oxford University Press}
}

@article{chintarungruangchai2019detecting,
  title={{Detecting Exoplanet Transits through Machine-learning Techniques with Convolutional Neural Networks}},
  author={Chintarungruangchai, Pattana and Jiang, Guey},
  journal={Publications of the Astronomical Society of the Pacific},
  volume={131},
  number={1000},
  pages={064502},
  year={2019},
  publisher={IOP Publishing}
}

@article{zucker2018shallow,
  title={{Shallow Transitsâ€”Deep Learning. I. Feasibility Study of Deep Learning to Detect Periodic Transits of Exoplanets}},
  author={Zucker, Shay and Giryes, Raja},
  journal={The Astronomical Journal},
  volume={155},
  number={4},
  pages={147},
  year={2018},
  publisher={IOP Publishing}
}

@article{hinners2018machine,
  title={{Machine learning techniques for stellar light curve classification}},
  author={Hinners, Trisha A and Tat, Kevin and Thorp, Rachel},
  journal={The Astronomical Journal},
  volume={156},
  number={1},
  pages={7},
  year={2018},
  publisher={IOP Publishing}
}

@article{shallue2018identifying,
  title={{Identifying exoplanets with deep learning: A five-planet resonant chain around kepler-80 and an eighth planet around kepler-90}},
  author={Shallue, Christopher J and Vanderburg, Andrew},
  journal={The Astronomical Journal},
  volume={155},
  number={2},
  pages={94},
  year={2018},
  publisher={IOP Publishing}
}

@article{osborn2020rapid,
  title={{Rapid classification of TESS planet candidates with convolutional neural networks}},
  author={Osborn, Hugh P and Ansdell, Megan and Ioannou, Yani and Sasdelli, Michele and Angerhausen, Daniel and Caldwell, D and Jenkins, Jon M and R{\"a}issi, Chedy and Smith, Jeffrey C},
  journal={Astronomy \& Astrophysics},
  volume={633},
  pages={A53},
  year={2020},
  publisher={EDP Sciences}
}

@article{aigrain2002bayesian,
  title={Bayesian detection of planetary transits-A modified version of the Gregory-Loredo method for Bayesian periodic signal detection},
  author={Aigrain, Suzanne and Favata, F},
  journal={Astronomy \& Astrophysics},
  volume={395},
  number={2},
  pages={625--636},
  year={2002},
  publisher={EDP Sciences}
}


@article{ansdell2018scientific,
  title={Scientific domain knowledge improves exoplanet transit classification with deep learning},
  author={Ansdell, Megan and Ioannou, Yani and Osborn, Hugh P and Sasdelli, Michele and Smith, Jeffrey C and Caldwell, Douglas and Jenkins, Jon M and R{\"a}issi, Chedy and Angerhausen, Daniel and others},
  journal={The Astrophysical journal letters},
  volume={869},
  number={1},
  pages={L7},
  year={2018},
  publisher={IOP Publishing}
}

@article{dattilo2019identifying,
  title={Identifying exoplanets with deep learning. ii. two new super-earths uncovered by a neural network in k2 data},
  author={Dattilo, Anne and Vanderburg, Andrew and Shallue, Christopher J and Mayo, Andrew W and Berlind, Perry and Bieryla, Allyson and Calkins, Michael L and Esquerdo, Gilbert A and Everett, Mark E and Howell, Steve B and others},
  journal={The Astronomical Journal},
  volume={157},
  number={5},
  pages={169},
  year={2019},
  publisher={IOP Publishing}
}

@article{yu2019identifying,
  title={Identifying exoplanets with deep learning. III. Automated triage and vetting of TESS candidates},
  author={Yu, Liang and Vanderburg, Andrew and Huang, Chelsea and Shallue, Christopher J and Crossfield, Ian JM and Gaudi, B Scott and Daylan, Tansu and Dattilo, Anne and Armstrong, David J and Ricker, George R and others},
  journal={The Astronomical Journal},
  volume={158},
  number={1},
  pages={25},
  year={2019},
  publisher={IOP Publishing}
}

@article{schanche2019machine,
  title={Machine-learning approaches to exoplanet transit detection and candidate validation in wide-field ground-based surveys},
  author={Schanche, N and Cameron, A Collier and H{\'e}brard, G and Nielsen, L and Triaud, AHMJ and Almenara, JM and Alsubai, KA and Anderson, DR and Armstrong, DJ and Barros, SCC and others},
  journal={Monthly Notices of the Royal Astronomical Society},
  volume={483},
  number={4},
  pages={5534--5547},
  year={2019},
  publisher={Oxford University Press}
}

@article{coughlin2017planet,
  title={Planet Detection Metrics: Robovetter Completeness and Effectiveness for Data Release 25},
  author={Coughlin, Jeffrey L},
  journal={Kepler Science Document KSCI-19114-002},
  pages={22},
  year={2017}
}

@article{catanzarite2015autovetter,
  title={Autovetter Planet Candidate Catalog for Q1-Q17 Data Release 24},
  author={Catanzarite, Joseph H},
  journal={Astronomy \& Astrophysics},
  year={2015}
}

@article{armstrong2016transit,
  title={Transit shapes and self organising maps as a tool for ranking planetary candidates: Application to kepler and k2},
  author={Armstrong, David J and Pollacco, Don and Santerne, Alexandre},
  journal={Monthly Notices of the Royal Astronomical Society},
  pages={stw2881},
  year={2016},
  publisher={Oxford University Press}
}

@article{thompson2015machine,
  title={A machine learning technique to identify transit shaped signals},
  author={Thompson, Susan E and Mullally, Fergal and Coughlin, Jeff and Christiansen, Jessie L and Henze, Christopher E and Haas, Michael R and Burke, Christopher J},
  journal={The Astrophysical Journal},
  volume={812},
  number={1},
  pages={46},
  year={2015},
  publisher={IOP Publishing}
}


@article{koning2019reducing,
  title={Reducing Artificial Neural Network Complexity: A Case Study on Exoplanet Detection},
  author={Koning, Sebastiaan and Greeven, Caspar and Postma, Eric},
  journal={arXiv preprint arXiv:1902.10385},
  year={2019}
}

@article{morvan2020detrending,
  title={Detrending Exoplanetary Transit Light Curves with Long Short-term Memory Networks},
  author={Morvan, Mario and Nikolaou, Nikolaos and Tsiaras, Angelos and Waldmann, Ingo P},
  journal={The Astronomical Journal},
  volume={159},
  number={3},
  pages={109},
  year={2020},
  publisher={IOP Publishing}
}

@article{barros2020improving,
  title={Improving transit characterisation with Gaussian process modelling of stellar variability},
  author={Barros, SCC and Demangeon, O and D{\'\i}az, RF and Cabrera, J and Santos, NC and Faria, JP and Pereira, F},
  journal={Astronomy \& Astrophysics},
  volume={634},
  pages={A75},
  year={2020},
  publisher={EDP Sciences}
}

@article{foreman2017fast,
  title={Fast and scalable Gaussian process modeling with applications to astronomical time series},
  author={Foreman-Mackey, Daniel and Agol, Eric and Ambikasaran, Sivaram and Angus, Ruth},
  journal={The Astronomical Journal},
  volume={154},
  number={6},
  pages={220},
  year={2017},
  publisher={IOP Publishing}
}

@inproceedings{woodward2019generating,
  title={Generating Transit Light Curves with Variational Autoencoders},
  author={Woodward, Douglas and Stevens, Elizabeth and Linstead, Erik},
  booktitle={2019 IEEE International Conference on Space Mission Challenges for Information Technology (SMC-IT)},
  pages={24--32},
  year={2019},
  organization={IEEE}
}

@article{kipping2016transit,
  title={Transit clairvoyance: Enhancing tess follow-up using artificial neural networks},
  author={Kipping, David M and Lam, Christopher},
  journal={Monthly Notices of the Royal Astronomical Society},
  volume={465},
  number={3},
  pages={3495--3505},
  year={2016},
  publisher={The Royal Astronomical Society}
}

@article{pearson2019search,
  title={A Search for Multiplanet Systems with TESS Using a Bayesian N-body Retrieval and Machine Learning},
  author={Pearson, Kyle A},
  journal={The Astronomical Journal},
  volume={158},
  number={6},
  pages={243},
  year={2019},
  publisher={IOP Publishing}
}

@article{de2020identifying,
  title={Identifying Exoplanets with Deep Learning. IV. Removing Stellar Activity Signals from Radial Velocity Measurements Using Neural Networks},
  author={de Beurs, Zoe L and Vanderburg, Andrew and Shallue, Christopher J and Dumusque, Xavier and Cameron, Andrew Collier and Buchhave, Lars A and Cosentino, Rosario and Ghedina, Adriano and Haywood, Rapha{\"e}lle D and Langellier, Nicholas and others},
  journal={arXiv preprint arXiv:2011.00003},
  year={2020}
}

@article{nikolaou2020lessons,
  title={Lessons Learned from the 1st ARIEL Machine Learning Challenge: Correcting Transiting Exoplanet Light Curves for Stellar Spots},
  author={Nikolaou, Nikolaos and Waldmann, Ingo P and Tsiaras, Angelos and Morvan, Mario and Edwards, Billy and Yip, Kai Hou and Tinetti, Giovanna and Sarkar, Subhajit and Dawson, James M and Borisov, Vadim and others},
  journal={arXiv preprint arXiv:2010.15996},
  year={2020}
}

@article{scholkopf2016modeling,
  title={Modeling confounding by half-sibling regression},
  author={Sch{\"o}lkopf, Bernhard and Hogg, David W and Wang, Dun and Foreman-Mackey, Daniel and Janzing, Dominik and Simon-Gabriel, Carl-Johann and Peters, Jonas},
  journal={Proceedings of the National Academy of Sciences},
  volume={113},
  number={27},
  pages={7391--7398},
  year={2016},
  publisher={National Acad Sciences}
}

@article{zingales2018exogan,
  title={ExoGAN: retrieving exoplanetary atmospheres using deep convolutional generative adversarial networks},
  author={Zingales, Tiziano and Waldmann, Ingo P},
  journal={The Astronomical Journal},
  volume={156},
  number={6},
  pages={268},
  year={2018},
  publisher={IOP Publishing}
}

@article{jamal2020neural,
  title={On Neural Architectures for Astronomical Time-series Classification with Application to Variable Stars},
  author={Jamal, Sara and Bloom, Joshua S},
  journal={The Astrophysical Journal Supplement Series},
  volume={250},
  number={2},
  pages={30},
  year={2020},
  publisher={IOP Publishing}
}

@article{tsang2019deep,
  title={Deep Neural Network Classifier for Variable Stars with Novelty Detection Capability},
  author={Tsang, Benny T-H and Schultz, William C},
  journal={The Astrophysical Journal Letters},
  volume={877},
  number={2},
  pages={L14},
  year={2019},
  publisher={IOP Publishing}
}

@article{feinstein2020flare,
  title={{Flare Statistics for Young Stars from a Convolutional Neural Network Analysis of TESS Data}},
  author={Feinstein, Adina D and Montet, Benjamin T and Ansdell, Megan and Nord, Brian and Bean, Jacob L and G{\"u}nther, Maximilian N and Gully-Santiago, Michael A and Schlieder, Joshua E},
  journal={The Astronomical Journal},
  volume={160},
  number={5},
  pages={219},
  year={2020},
  publisher={IOP Publishing}
}

@article{naul2018recurrent,
  title={A recurrent neural network for classification of unevenly sampled variable stars},
  author={Naul, Brett and Bloom, Joshua S and P{\'e}rez, Fernando and van der Walt, St{\'e}fan},
  journal={Nature Astronomy},
  volume={2},
  number={2},
  pages={151--155},
  year={2018},
  publisher={Nature Publishing Group}
}

@article{becker2020scalable,
  title={Scalable end-to-end recurrent neural network for variable star classification},
  author={Becker, Ignacio and Pichara, Karim and Catelan, M{\'a}rcio and Protopapas, Pavlos and Aguirre, Carlos and Nikzat, Fatemeh},
  journal={Monthly Notices of the Royal Astronomical Society},
  volume={493},
  number={2},
  pages={2981--2995},
  year={2020},
  publisher={Oxford University Press}
}

@article{blancato2020data,
  title={Data-driven derivation of stellar properties from photometric time series data using convolutional neural networks},
  author={Blancato, Kirsten and Ness, Melissa and Huber, Daniel and Lu, Yuxi and Angus, Ruth},
  journal={arXiv preprint arXiv:2005.09682},
  year={2020}
}

@article{pont2006effect,
  title={The effect of red noise on planetary transit detection},
  author={Pont, Fr{\'e}d{\'e}ric and Zucker, Shay and Queloz, Didier},
  journal={Monthly Notices of the Royal Astronomical Society},
  volume={373},
  number={1},
  pages={231--242},
  year={2006},
  publisher={Blackwell Publishing Ltd Oxford, UK}
}

@article{kipping2010binning,
  title={Binning is sinning: morphological light-curve distortions due to finite integration time},
  author={Kipping, David M},
  journal={Monthly Notices of the Royal Astronomical Society},
  volume={408},
  number={3},
  pages={1758--1769},
  year={2010},
  publisher={The Royal Astronomical Society}
}

@article{aigrain2016k2sc,
  title={K2SC: flexible systematics correction and detrending of K2 light curves using Gaussian process regression},
  author={Aigrain, Suzanne and Parviainen, Hannu and Pope, BJS},
  journal={Monthly Notices of the Royal Astronomical Society},
  volume={459},
  number={3},
  pages={2408--2419},
  year={2016},
  publisher={Oxford University Press}
}

@article{hippke2019wotan,
  title={W{\=o}tan: Comprehensive Time-series Detrending in Python},
  author={Hippke, Michael and David, Trevor J and Mulders, Gijs D and Heller, Ren{\'e}},
  journal={The Astronomical Journal},
  volume={158},
  number={4},
  pages={143},
  year={2019},
  publisher={IOP Publishing}
}

@inproceedings{malhotra2015long,
  title={Long short term memory networks for anomaly detection in time series},
  author={Malhotra, Pankaj and Vig, Lovekesh and Shroff, Gautam and Agarwal, Puneet},
  booktitle={Proceedings},
  volume={89},
  pages={89--94},
  year={2015},
  organization={Presses universitaires de Louvain}
}

@inproceedings{cherdo2020training,
  title={Training LSTM for Unsupervised Anomaly Detection Without A Priori Knowledge},
  author={Cherdo, Yann and de Kerret, Paul and Pawlak, Renaud},
  booktitle={ICASSP 2020-2020 IEEE International Conference on Acoustics, Speech and Signal Processing (ICASSP)},
  pages={4297--4301},
  year={2020},
  organization={IEEE}
}

@inproceedings{bontemps2016collective,
  title={Collective anomaly detection based on long short-term memory recurrent neural networks},
  author={Bontemps, Loic and McDermott, James and Le-Khac, Nhien-An and others},
  booktitle={International Conference on Future Data and Security Engineering},
  pages={141--152},
  year={2016},
  organization={Springer}
}

@article{le2020contrastive,
  title={Contrastive representation learning: A framework and review},
  author={Le-Khac, Phuc H and Healy, Graham and Smeaton, Alan F},
  journal={IEEE Access},
  year={2020},
  publisher={IEEE}
}

@article{he2009learning,
  title={Learning from imbalanced data},
  author={He, Haibo and Garcia, Edwardo A},
  journal={IEEE Transactions on knowledge and data engineering},
  volume={21},
  number={9},
  pages={1263--1284},
  year={2009},
  publisher={Ieee}
}

@article{rubanova2019latent,
  title={Latent odes for irregularly-sampled time series},
  author={Rubanova, Yulia and Chen, Ricky TQ and Duvenaud, David},
  journal={arXiv preprint arXiv:1907.03907},
  year={2019}
}

@article{chen2018neural,
  title={Neural ordinary differential equations},
  author={Chen, Ricky TQ and Rubanova, Yulia and Bettencourt, Jesse and Duvenaud, David},
  journal={arXiv preprint arXiv:1806.07366},
  year={2018}
}

@inproceedings{kanai2017preventing,
  title={Preventing gradient explosions in gated recurrent units},
  author={Kanai, Sekitoshi and Fujiwara, Yasuhiro and Iwamura, Sotetsu},
  booktitle={Proceedings of the 31st International Conference on Neural Information Processing Systems},
  pages={435--444},
  year={2017}
}

@inproceedings{gal2016dropout,
  title={Dropout as a bayesian approximation: Representing model uncertainty in deep learning},
  author={Gal, Yarin and Ghahramani, Zoubin},
  booktitle={international conference on machine learning},
  pages={1050--1059},
  year={2016},
  organization={PMLR}
}

@inproceedings{alaa2020frequentist,
  title={Frequentist uncertainty in recurrent neural networks via blockwise influence functions},
  author={Alaa, Ahmed and Van Der Schaar, Mihaela},
  booktitle={International Conference on Machine Learning},
  pages={175--190},
  year={2020},
  organization={PMLR}
}

@inproceedings{hwang2020sampling,
  title={Sampling-free uncertainty estimation in gated recurrent units with applications to normative modeling in neuroimaging},
  author={Hwang, Seong Jae and Mehta, Ronak R and Kim, Hyunwoo J and Johnson, Sterling C and Singh, Vikas},
  booktitle={Uncertainty in Artificial Intelligence},
  pages={809--819},
  year={2020},
  organization={PMLR}
}

@article{wang2020uncertainty,
  title={Uncertainty Estimation and Calibration with Finite-State Probabilistic RNNs},
  author={Wang, Cheng and Lawrence, Carolin and Niepert, Mathias},
  journal={arXiv preprint arXiv:2011.12010},
  year={2020}
}


@article{mandel2002analytic,
  title={Analytic light curves for planetary transit searches},
  author={Mandel, Kaisey and Agol, Eric},
  journal={The Astrophysical Journal Letters},
  volume={580},
  number={2},
  pages={L171},
  year={2002},
  publisher={IOP Publishing}
}

@article{gimenez2006equations,
  title={Equations for the analysis of the light curves of extra-solar planetary transits},
  author={Gim{\'e}nez, A},
  journal={Astronomy \& Astrophysics},
  volume={450},
  number={3},
  pages={1231--1237},
  year={2006},
  publisher={EDP Sciences}
}

@article{kreidberg2015batman,
  title={batman: BAsic transit model cAlculatioN in python},
  author={Kreidberg, Laura},
  journal={Publications of the Astronomical Society of the Pacific},
  volume={127},
  number={957},
  pages={1161},
  year={2015},
  publisher={IOP Publishing}
}

@article{parviainen2015pytransit,
  title={PYTRANSIT: fast and easy exoplanet transit modelling in PYTHON},
  author={Parviainen, Hannu},
  journal={Monthly Notices of the Royal Astronomical Society},
  volume={450},
  number={3},
  pages={3233--3238},
  year={2015},
  publisher={The Royal Astronomical Society}
}

@article{luger2019starry,
  title={STARRY: Analytic occultation light curves},
  author={Luger, Rodrigo and Agol, Eric and Foreman-Mackey, Daniel and Fleming, David P and Lustig-Yaeger, Jacob and Deitrick, Russell},
  journal={The astronomical journal},
  volume={157},
  number={2},
  pages={64},
  year={2019},
  publisher={IOP Publishing}
}

@article{fluke2020surveying,
  title={Surveying the reach and maturity of machine learning and artificial intelligence in astronomy},
  author={Fluke, Christopher J and Jacobs, Colin},
  journal={Wiley Interdisciplinary Reviews: Data Mining and Knowledge Discovery},
  volume={10},
  number={2},
  pages={e1349},
  year={2020},
  publisher={Wiley Online Library}
}

@article{priyadarshini2021convolutional,
  title={A convolutional neural network (CNN) based ensemble model for exoplanet detection},
  author={Priyadarshini, Ishaani and Puri, Vikram},
  journal={Earth Science Informatics},
  pages={1--13},
  year={2021},
  publisher={Springer}
}

@article{malik2020exoplanet,
  title={Exoplanet Detection using Machine Learning},
  author={Malik, Abhishek and Moster, Ben and Obermeier, Christian},
  journal={arXiv preprint arXiv:2011.14135},
  year={2020}
}

@article{carpano2003detecting,
  title={Detecting planetary transits in the presence of stellar variability-Optimal filtering and the use of colour information},
  author={Carpano, S and Aigrain, Suzanne and Favata, F},
  journal={Astronomy \& Astrophysics},
  volume={401},
  number={2},
  pages={743--753},
  year={2003},
  publisher={EDP Sciences}
}

@article{jenkins2002impact,
  title={The impact of solar-like variability on the detectability of transiting terrestrial planets},
  author={Jenkins, Jon M},
  journal={The Astrophysical Journal},
  volume={575},
  number={1},
  pages={493},
  year={2002},
  publisher={IOP Publishing}
}

@article{rodenbeck2018revisiting,
  title={Revisiting the exomoon candidate signal around Kepler-1625 b},
  author={Rodenbeck, Kai and Heller, Ren{\'e} and Hippke, Michael and Gizon, Laurent},
  journal={Astronomy \& Astrophysics},
  volume={617},
  pages={A49},
  year={2018},
  publisher={EDP Sciences}
}

@article{kingma2014adam,
  title={Adam: A method for stochastic optimization},
  author={Kingma, Diederik P and Ba, Jimmy},
  journal={arXiv preprint arXiv:1412.6980},
  year={2014}
}

@article{foreman2016population,
  title={The population of long-period transiting exoplanets},
  author={Foreman-Mackey, Daniel and Morton, Timothy D and Hogg, David W and Agol, Eric and Sch{\"o}lkopf, Bernhard},
  journal={The Astronomical Journal},
  volume={152},
  number={6},
  pages={206},
  year={2016},
  publisher={IOP Publishing}
}

@article{panahi2021sparse,
  title={Sparse Box-fitting Least Squares},
  author={Panahi, Aviad and Zucker, Shay},
  journal={Publications of the Astronomical Society of the Pacific},
  volume={133},
  number={1020},
  pages={024502},
  year={2021},
  publisher={IOP Publishing}
}






@article{wilson1927probable,
  title={Probable inference, the law of succession, and statistical inference},
  author={Wilson, Edwin B},
  journal={Journal of the American Statistical Association},
  volume={22},
  number={158},
  pages={209--212},
  year={1927},
  publisher={Taylor \& Francis}
}

@article{hochreiter1997long,
  title={Long short-term memory},
  author={Hochreiter, Sepp and Schmidhuber, J{\"u}rgen},
  journal={Neural computation},
  volume={9},
  number={8},
  pages={1735--1780},
  year={1997},
  publisher={MIT Press}
}

@article{cho2014learning,
  title={Learning phrase representations using RNN encoder-decoder for statistical machine translation},
  author={Cho, Kyunghyun and Van Merri{\"e}nboer, Bart and Gulcehre, Caglar and Bahdanau, Dzmitry and Bougares, Fethi and Schwenk, Holger and Bengio, Yoshua},
  journal={arXiv preprint arXiv:1406.1078},
  year={2014}
}

@article{smith2019four,
  title={A Four-sector Simulated Data Set for the Transiting Exoplanet Survey Satellite},
  author={Smith, Jeffrey C and Tenenbaum, Peter and Jenkins, Jon M and Caldwell, Douglas A and Morris, Robert L and Rose, Mark and Ting, Eric and Twicken, Joseph},
  journal={Research Notes of the AAS},
  volume={3},
  number={7},
  pages={111},
  year={2019},
  publisher={IOP Publishing}
}

@inproceedings{rusticus2021towards,
  title={Towards Deep Learning for Transiting Exoplanet Search Using Simulated TESS Data},
  author={Rusticus, YJ and Foing, BH and Heras, AM and Foing, V and H{\"o}nes, CJ and Terpstra, JM},
  booktitle={Lunar and Planetary Science Conference},
  number={2548},
  pages={2080},
  year={2021}
}

@article{kallinger2014connection,
  title={The connection between stellar granulation and oscillation as seen by the Kepler mission},
  author={Kallinger, T and De Ridder, Joris and Hekker, S and Mathur, S and Mosser, B and Gruberbauer, Michael and Garc{\'\i}a, RA and Karoff, C and Ballot, J},
  journal={Astronomy \& Astrophysics},
  volume={570},
  pages={A41},
  year={2014},
  publisher={EDP Sciences}
}

@article{borucki1984photometric,
  title={The photometric method of detecting other planetary systems},
  author={Borucki, William J and Summers, Audrey L},
  journal={Icarus},
  volume={58},
  number={1},
  pages={121--134},
  year={1984},
  publisher={Elsevier}
}

@article{kipping2013efficient,
  title={Efficient, uninformative sampling of limb darkening coefficients for two-parameter laws},
  author={Kipping, David M},
  journal={Monthly Notices of the Royal Astronomical Society},
  volume={435},
  number={3},
  pages={2152--2160},
  year={2013},
  publisher={Oxford University Press}
}

@article{kipping2013parametrizing,
  title={Parametrizing the exoplanet eccentricity distribution with the Beta distribution},
  author={Kipping, David M},
  journal={Monthly Notices of the Royal Astronomical Society: Letters},
  volume={434},
  number={1},
  pages={L51--L55},
  year={2013},
  publisher={Oxford University Press}
}

@article{loshchilov2017decoupled,
  title={Decoupled weight decay regularization},
  author={Loshchilov, Ilya and Hutter, Frank},
  journal={arXiv preprint arXiv:1711.05101},
  year={2017}
}

@techreport{tenenbaum2018tess,
  title={TESS Science Data Products Description Document},
  author={Tenenbaum, Peter and Jenkins, J},
  year={2018},
  institution={EXP-TESS-ARC-ICD-0014 Rev D https://archive. stsci. edu/missions/tess/doc~â€¦}
}
